@misc{cook1971complexity,
  title={The complexity of theorem-proving procedures, STOC’71: Proceedings of the third annual ACM symposium on Theory of computing},
  author={Cook, Stephen A},
  year={1971},
  publisher={New York, NY, USA), ACM Press}
}

@incollection{silva2003grasp,
  title={GRASP—a new search algorithm for satisfiability},
  author={Silva, Jo{\~a}o P Marques and Sakallah, Karem A},
  booktitle={The Best of ICCAD},
  pages={73--89},
  year={2003},
  publisher={Springer}
}

@inproceedings{moskewicz2001chaff,
  title={Chaff: Engineering an efficient SAT solver},
  author={Moskewicz, Matthew W and Madigan, Conor F and Zhao, Ying and Zhang, Lintao and Malik, Sharad},
  booktitle={Proceedings of the 38th annual Design Automation Conference},
  pages={530--535},
  year={2001}
}

@inproceedings{een2003extensible,
  title={An extensible SAT-solver},
  author={E{\'e}n, Niklas and S{\"o}rensson, Niklas},
  booktitle={International conference on theory and applications of satisfiability testing},
  pages={502--518},
  year={2003},
  organization={Springer}
}

@article{goldberg2007berkmin,
  title={BerkMin: A fast and robust SAT-solver},
  author={Goldberg, Eugene and Novikov, Yakov},
  journal={Discrete Applied Mathematics},
  volume={155},
  number={12},
  pages={1549--1561},
  year={2007},
  publisher={Elsevier}
}
@book{whitesitt2012boolean,
  title={Boolean Algebra and Its Applications},
  author={Whitesitt, J.E.},
  isbn={9780486158167},
  series={Dover Books on Computer Science},
  url={https://books.google.com/books?id=20Un1T78GlMC},
  year={2012},
  publisher={Dover Publications}
}
@article{challenge1993satisfiability,
  title={Satisfiability: Suggested Format},
  author={Challenge, DIMACS},
  journal={DIMACS Challenge. DIMACS},
  year={1993}
}
@inproceedings{hansen2019faster,
  title={Faster k-SAT algorithms using biased-PPSZ},
  author={Hansen, Thomas Dueholm and Kaplan, Haim and Zamir, Or and Zwick, Uri},
  booktitle={Proceedings of the 51st Annual ACM SIGACT Symposium on Theory of Computing},
  pages={578--589},
  year={2019}
}
@article{paturi2005improved,
  title={An improved exponential-time algorithm for k-SAT},
  author={Paturi, Ramamohan and Pudl{\'a}k, Pavel and Saks, Michael E and Zane, Francis},
  journal={Journal of the ACM (JACM)},
  volume={52},
  number={3},
  pages={337--364},
  year={2005},
  publisher={ACM New York, NY, USA}
}
@article{scheder2019ppsz,
  title={PPSZ for k≥ 5: More is better},
  author={Scheder, Dominik},
  journal={ACM Transactions on Computation Theory (TOCT)},
  volume={11},
  number={4},
  pages={1--22},
  year={2019},
  publisher={ACM New York, NY, USA}
}
@Inbook{nogoodlearningdefinition,
    editor="Sammut, Claude
    and Webb, Geoffrey I.",
    title="Nogood Learning",
    bookTitle="Encyclopedia of Machine Learning",
    year="2010",
    publisher="Springer US",
    address="Boston, MA",
    pages="721--721",
    isbn="978-0-387-30164-8",
    doi="10.1007/978-0-387-30164-8_593",
    url="https://doi.org/10.1007/978-0-387-30164-8_593"
}
@inproceedings{lecoutre2007nogood,
  title={Nogood Recording from Restarts.},
  author={Lecoutre, Christophe and Sais, Lakhdar and Tabary, S{\'e}bastien and Vidal, Vincent and others},
  booktitle={IJCAI},
  volume={7},
  pages={131--136},
  year={2007}
}
@inproceedings{prosser1994binary,
  title={Binary constraint satisfaction problems: Some are harder than others},
  author={Prosser, Patrick},
  booktitle={Proceedings of the 11th European Conference on Artificial Intelligence},
  pages={95--99},
  year={1994}
}
@inproceedings{kwon2006optimized,
  title={Optimized CNF encoding for sudoku puzzles},
  author={Kwon, Gihwon and Jain, Himanshu},
  booktitle={Proc. 13th International Conference on Logic for Programming Artificial Intelligence and Reasoning (LPAR2006)},
  pages={1--5},
  year={2006}
}
@article{sorensson2010minisat,
  title={Minisat 2.2 and minisat++ 1.1},
  author={S{\"o}rensson, Niklas},
  journal={A short description in SAT Race},
  year={2010}
}